@book{Hemingway1952,
  title={The Old Man and the Sea},
  author={Hemingway, Ernest},
  year={1952},
  publisher={Charles Scribner's Sons},
  URL={http://www.testurl.com}
}

@online{BibTeX-alpha,
  author = {Paperpile},
  title = {BibTeX bibliography style: alpha Kernel Description},
  year = {},
  url = {https://www.bibtex.com/s/bibliography-style-base-alpha/},
  urldate = {2024-02-21}
}

@online{Quarto-cross-references,
  author = {Quarto},
  title = {Cross References},
  year = {},
  url = {https://quarto.org/docs/authoring/cross-references.html},
  urldate = {2024-03-05}
}

@online{Quarto-get-started,
author = {Quarto},
title = {Get Started},
year = {},
url = {https://quarto.org/docs/get-started/},
urldate = {2024-02-27}
}

@online{Quarto-Guide,
author = {Quarto},
title = {Guide},
year = {},
url = {https://quarto.org/docs/guide/},
urldate = {2024-02-27}
}

@online{Quarto-mainpage,
author = {Quarto},
title = {Welcome to QuartoÂ®},
year = {},
url = {https://quarto.org/},
urldate = {2024-02-27}
}

@online{Quarto-Markdown-Basics,
author = {Quarto},
title = {Markdown Basics},
year = {},
url = {https://quarto.org/docs/authoring/markdown-basics.html},
urldate = {2024-02-27}
}

@online{R-Markdown-Cookbook,
  author = {Xie, Yihui and Dervieux, Christophe and Rieder, Emily},
  title = {R Markdown Cookbook},
  year = {2024},
  url = {https://bookdown.org/yihui/rmarkdown-cookbook/},
  urldate = {2024-03-04}
}